Month,Sales
2020-01,1200
2020-02,1340
2020-03,1280
2020-04,1400
2020-05,1350
2020-06,1500
2020-07,1600
2020-08,1550
2020-09,1580
2020-10,1620
2020-11,1680
2020-12,1700
2021-01,1750
2021-02,1800
2021-03,1780
2021-04,1850
2021-05,1900
2021-06,1920
2021-07,1980
2021-08,2000
2021-09,2020
2021-10,2050
2021-11,2100
2021-12,2150
